@Misc{stan,
    title = {{RStan}: the {R} interface to {Stan}},
    author = {{Stan Development Team}},
    note = {R package version 2.21.2, {h}ttp://mc-stan.org},
    year = {2020},
  }
 @Manual{rcore,
    title = {R: A Language and Environment for Statistical Computing},
    author = {{R Core Team}},
    organization = {R Foundation for Statistical Computing},
    address = {Vienna, Austria},
    year = {2020},
    note = {{h}ttps://www.R-project.org/},
  }
 
 @article{Rose_Winslow_Read_Read_Solomon_Adrian_Hanson_2014, 
 title={Improving the precision of lake ecosystem metabolism estimates by identifying predictors of model uncertainty: Lake ecosystem metabolism uncertainty}, 
 volume={12}, 
 ISSN={15415856}, 
 number={5}, 
 journal={Limnol. Oceanogr.: Methods}, 
 author={Rose, Kevin C. and Winslow, Luke A. and Read, Jordan S. and Read, Emily K. and Solomon, Christopher T. and Adrian, Rita and Hanson, Paul C.}, 
 year={2014}, 
 month={May}, 
 pages={303–312} }

 @article{Huovinen_1999, 
 title={Temporal and vertical dynamics of phytoplankton net growth in {C}astle {L}ake, {C}alifornia}, volume={21}, 
 ISSN={14643774}, 
 journal={J. Plankton Res.}, 
 author={Huovinen, P}, 
 year={1999}, 
 month={Feb}, 
 pages={373–385} }
 
 @article{Honti_Istvanovics_2019, title={Error propagation during inverse modeling leads to spurious correlations and misinterpretation of lake metabolism}, volume={17}, ISSN={15415856}, DOI={10.1002/lom3.10293}, number={1}, journal={Limnol. Oceanogr.: Methods}, author={Honti, Mark and Istvánovics, Vera}, year={2019}, month={Jan}, pages={17–24} }

 @techreport{fee1990computer,
  title={Computer Programs for Calculating in Situ Phytoplankton Photosynthesis (Department of Fisheries and Oceans, Canada)},
  author={Fee, EJ},
  year={1990},
  institution={Technical Report of Fisheries and Aquatic Science 1740}
}

 @article{Knoll_Vanni_Renwick_2003, title={Phytoplankton primary production and photosynthetic parameters in reservoirs along a gradient of watershed land use}, volume={48}, ISSN={00243590}, DOI={10.4319/lo.2003.48.2.0608}, number={2}, journal={Limnol. Oceanogr.}, author={Knoll, Lesley B. and Vanni, Michael J. and Renwick, William H.}, year={2003}, month={Mar}, pages={608–617} }

 @article{Goldman_Mason_Wood_1963, title={LIGHT INJURY AND INHIBITION IN ANTARCTIC FRESHWATER PHYTOPLANKTON}, volume={8}, ISSN={00243590}, DOI={10.4319/lo.1963.8.3.0313}, number={3}, journal={Limnol. Oceanogr.}, author={Goldman, Charles R. and Mason, David T. and Wood, Brian J. B.}, year={1963}, month={Apr}, pages={313–322} }

 @article{Goldman_1968, title={The Use of Absolute Activity for Eliminating Serious Errors in the Measurement of Primary Productivity with {C$^{14}$}}, volume={32}, ISSN={1054-3139, 1095-9289}, DOI={10.1093/icesjms/32.2.172}, number={2}, journal={ICES J. Mar. Sci.}, author={Goldman, C. R.}, year={1968}, month={Nov}, pages={172–179} }

 @article{VanderZanden_Chandra_Park_Vadeboncoeur_Goldman_2006, title={Efficiencies of benthic and pelagic trophic pathways in a subalpine lake}, volume={63}, ISSN={0706-652X, 1205-7533}, DOI={10.1139/f06-148}, number={12}, journal={Can. J. Fish. Aquat. Sci.}, author={Vander Zanden, M Jake and Chandra, Sudeep and Park, Sang-Kyu and Vadeboncoeur, Yvonne and Goldman, Charles R}, year={2006}, month={Dec}, pages={2608–2620} }

 @article{Hanson_Carpenter_Kimura_Wu_Cornelius_Kratz_2008, title={Evaluation of metabolism models for free-water dissolved oxygen methods in lakes}, volume={6}, ISSN={15415856}, DOI={10.4319/lom.2008.6.454}, number={9}, journal={Limnol. Oceanogr.: Methods}, author={Hanson, Paul C. and Carpenter, Stephen R. and Kimura, Nobuaki and Wu, Chin and Cornelius, Sean P. and Kratz, Timothy K.}, year={2008}, month={Sep}, pages={454–465} }

 @article{Cole_Pace_Carpenter_Kitchell_2000, title={Persistence of net heterotrophy in lakes during nutrient addition and food web manipulations}, volume={45}, ISSN={00243590}, DOI={10.4319/lo.2000.45.8.1718}, number={8}, journal={Limnol. Oceanogr.}, author={Cole, Jonathan J. and Pace, Michael L. and Carpenter, Stephen R. and Kitchell, James F.}, year={2000}, month={Dec}, pages={1718–1730} }

 @article{Holtgrieve_Arias_Irvine_Lamberts_Ward_Kummu_Koponen_Sarkkula_Richey_2013, title={Patterns of Ecosystem Metabolism in the {T}onle {S}ap {L}ake, {C}ambodia with Links to Capture Fisheries}, volume={8}, ISSN={1932-6203}, DOI={10.1371/journal.pone.0071395}, number={8}, journal={PLoS One}, author={Holtgrieve, Gordon W. and Arias, Mauricio E. and Irvine, Kim N. and Lamberts, Dirk and Ward, Eric J. and Kummu, Matti and Koponen, Jorma and Sarkkula, Juha and Richey, Jeffrey E.}, editor={Deng, Z. Daniel}, year={2013}, month={Aug}, pages={e71395} }

 @article{Weathers_Hanson_2013, title={THE GLOBAL LAKE ECOLOGICAL OBSERVATORY NETWORK ({GLEON}): THE EVOLUTION OF GRASSROOTS NETWORK SCIENCE}, volume={22}, ISSN={1539607X}, DOI={10.1002/lob.201322371}, number={3}, journal={Limnol. Oceanogr. Bulletin}, author={Weathers, Kathleen C. and Hanson, Paul C. and Arzberger, Peter and Brentrup, Jennifer and Brookes, Justin and Carey, Cayelan C. and Gaiser, Evelyn and Gaiser, Evelyn and Hamilton, David P. and Hong, Grace S. and et al.}, year={2013}, month={Aug}, pages={71–73} }

  @article{Vachon_Sadro_2020, 
  title={Paired {O}\textsubscript{2}–{CO}\textsubscript{2} measurements provide emergent insights into aquatic ecosystem function}, 
  volume={5}, ISSN={2378-2242, 2378-2242}, DOI={10.1002/lol2.10135}, number={4}, journal={Limnol. Oceanogr. Lett.}, author={Vachon, Dominic and Sadro, Steven and Bogard, Matthew J. and Lapierre, Jean‐François and Baulch, Helen M. and Rusak, James A. and Denfeld, Blaize A. and Laas, Alo and Klaus, Marcus and Karlsson, Jan and et al.}, year={2020}, month={Aug}, pages={287–294} }

 @article{Legendre_Demers_Yentsch_Yentsch_1983, title={The \textsuperscript{14}{C} method: Patterns of dark {CO}\textsubscript{2} fixation and {DCMU} correction to replace the dark bottle}, volume={28}, ISSN={00243590}, DOI={10.4319/lo.1983.28.5.0996}, number={5}, journal={Limnol. Oceanogr.}, author={Legendre, Louis and Demers, Serge and Yentsch, Clarice M. and Yentsch, Charles S.}, year={1983}, month={Sep}, pages={996–1003} }

 @article{Zwart_Sebestyen_Solomon_Jones_2017, title={The Influence of Hydrologic Residence Time on Lake Carbon Cycling Dynamics Following Extreme Precipitation Events}, volume={20}, ISSN={1432-9840, 1435-0629}, DOI={10.1007/s10021-016-0088-6}, number={5}, journal={Ecosystems}, author={Zwart, Jacob A. and Sebestyen, Stephen D. and Solomon, Christopher T. and Jones, Stuart E.}, year={2017}, month={Aug}, pages={1000–1014} }

 @article{VandeBogert_Carpenter_Cole_Pace_2007, title={Assessing pelagic and benthic metabolism using free water measurements: Benthic and pelagic metabolism}, volume={5}, ISSN={15415856}, DOI={10.4319/lom.2007.5.145}, number={5}, journal={Limnol. Oceanogr.: Methods}, author={Van de Bogert, Matthew C. and Carpenter, Stephen R. and Cole, Jonathan J. and Pace, Michael L.}, year={2007}, month={May}, pages={145–155} }

 @article{Honti_Istvanovics_Staehr_Brighenti_Zhu_Zhu_2016, title={Robust estimation of lake metabolism by coupling high frequency dissolved oxygen and chlorophyll fluorescence data in a Bayesian framework}, volume={6}, ISSN={2044-2041, 2044-205X}, DOI={10.1080/IW-6.4.877}, number={4}, journal={Inland Waters}, author={Honti, Mark and Istvánovics, Vera and Staehr, Peter A. and Brighenti, Ludmila S. and Zhu, Mengyuan and Zhu, Guangwei}, year={2016}, month={Jan}, pages={608–621} }

 @article{Williamson_Vanni_Renwick_2020, title={Spatial and Temporal Variability of Nutrient Dynamics and Ecosystem Metabolism in a Hyper-eutrophic Reservoir Differ Between a Wet and Dry Year}, ISSN={1432-9840, 1435-0629}, url={http://link.springer.com/10.1007/s10021-020-00505-8}, DOI={10.1007/s10021-020-00505-8}, journal={Ecosystems}, author={Williamson, Tanner J. and Vanni, Michael J. and Renwick, William H.}, year={2020}, month={Apr} }
 
 @article{Coloso_Cole_Pace_2011, title={Difficulty in Discerning Drivers of Lake Ecosystem Metabolism with High-Frequency Data}, volume={14}, ISSN={1432-9840, 1435-0629}, DOI={10.1007/s10021-011-9455-5}, number={6}, journal={Ecosystems}, author={Coloso, James J. and Cole, Jonathan J. and Pace, Michael L.}, year={2011}, month={Sep}, pages={935–948} }

 @article{Staehr_Sand-Jensen_2007, title={Temporal dynamics and regulation of lake metabolism}, volume={52}, ISSN={00243590}, DOI={10.4319/lo.2007.52.1.0108}, number={1}, journal={Limnol. Oceanogr.}, author={Staehr, Peter A. and Sand-Jensen, Kaj}, year={2007}, month={Jan}, pages={108–120} }

 @article{Platt_Gallegos_Harrison_1980, title={Photoinhibition of photosynthesis in natural assemblages of marine phytoplankton}, volume={38}, journal={J. Mar. Res.}, author={Platt, T and Gallegos, C.L. and Harrison, W.G.}, year={1980}, pages={687–701} }

 @article{McNair_Sesselmann_Kendall_Gereaux_Weinke_Biddanda_2015, title={Alternative approaches for estimating components of lake metabolism using the free-water dissolved-oxygen ({FWDO}) method}, volume={186}, ISSN={1863-9135}, DOI={10.1127/fal/2015/0626}, number={1–2}, journal={Fundam. Appl. Limnol.}, author={McNair, James N. and Sesselmann, Meagan R. and Kendall, Scott T. and Gereaux, Leon C. and Weinke, Anthony D. and Biddanda, Bopaiah A.}, year={2015}, month={Feb}, pages={21–44} }

@article{Richardson_Carey_Bruesewitz_Weathers_2017, title={Intra- and inter-annual variability in metabolism in an oligotrophic lake}, volume={79}, ISSN={1015-1621, 1420-9055}, DOI={10.1007/s00027-016-0499-7}, number={2}, journal={Aquat. Sci.}, author={Richardson, David C. and Carey, Cayelan C. and Bruesewitz, Denise A. and Weathers, Kathleen C.}, year={2017}, month={Apr}, pages={319–333} }

 @article{Aalderink_Jovin_1997, title={Estimation of the photosynthesis/irradiance ({P/I}) curve parameters from light and dark bottle experiments}, volume={19}, ISSN={0142-7873, 1464-3774}, DOI={10.1093/plankt/19.11.1713}, number={11}, journal={J. Plankton Res.}, author={Aalderink, R.H. and Jovin, R.}, year={1997}, pages={1713–1742} }

 @article{Hamme_Cassar_2012, 
 title={Dissolved {O$_{2}$}/Ar and other methods reveal rapid changes in productivity during a Lagrangian experiment in the {S}outhern {O}cean}, volume={117}, ISSN={01480227}, DOI={10.1029/2011JC007046}, number={C4}, journal={J. Geophys. Res.: Oceans}, author={Hamme, Roberta C. and Cassar, Nicolas and Lance, Veronica P. and Vaillancourt, Robert D. and Bender, Michael L. and Strutton, Peter G. and Moore, Tommy S. and DeGrandpre, Michael D. and Sabine, Christopher L. and Ho, David T.}, year={2012}, month={Apr} }

@article{Gazeau_Middelburg_Loijens_Vanderborght_Pizay_Gattuso_2007, 
    title={Planktonic primary production in estuaries: comparison of {$^{14}$C}, {O$_{2}$} and {$^{18}$O} methods}, volume={46}, ISSN={0948-3055, 1616-1564}, DOI={10.3354/ame046095}, journal={Aquat. Microb. Ecol.}, author={Gazeau, F and Middelburg, Jj and Loijens, M and Vanderborght, Jp and Pizay, Md and Gattuso, Jp}, year={2007}, month={Jan}, pages={95–106} }

@article{Bender_Grande_1987, 
    title={A comparison of four methods for determining planktonic community production}, volume={32}, ISSN={00243590}, DOI={10.4319/lo.1987.32.5.1085}, number={5}, journal={Limnol. Oceanogr.}, author={Bender, Michael and Grande, Karen and Johnson, Kenneth and Marra, John and Williams, Peter J. LeB. and Sieburth, John and Pilson, Michael and Langdon, Chris and Hitchcock, Gary and Orchardo, Joseph and et al.}, year={1987}, month={Sep}, pages={1085–1098} }

@article{Williams_Heinemann_Marra_Purdie_1983, 
    title={Comparison of \textsuperscript{14}{C} and {O}\textsubscript{2} measurements of phytoplankton production in oligotrophic waters}, volume={305}, ISSN={0028-0836, 1476-4687}, DOI={10.1038/305049a0}, number={5929}, journal={Nature}, author={Williams, P. J. le B. and Heinemann, K. R. and Marra, J. and Purdie, D. A.}, year={1983}, month={Sep}, pages={49–50} }

@article{Batt_Carpenter_2012, 
    title={Free-water lake metabolism: addressing noisy time series with a Kalman filter}, volume={10}, ISSN={15415856}, DOI={10.4319/lom.2012.10.20}, number={1}, journal={Limnol. Oceanogr.: Methods}, author={Batt, Ryan D. and Carpenter, Stephen R.}, year={2012}, month={Jan}, pages={20–30} }

@article{VandeBogert_Bade_Carpenter_Cole_Pace_Hanson_Langman_2012, 
   title={Spatial heterogeneity strongly affects estimates of ecosystem metabolism in two north temperate lakes}, volume={57}, ISSN={00243590}, DOI={10.4319/lo.2012.57.6.1689}, number={6}, journal={Limnol. Oceanogr.}, author={Van de Bogert, Matthew C. and Bade, Darren L. and Carpenter, Stephen R. and Cole, Jonathan J. and Pace, Michael L. and Hanson, Paul C. and Langman, Owen C.}, year={2012}, month={Nov}, pages={1689–1700} }

@article{Staehr_Christensen_Batt_Read_2012, 
  title={Ecosystem metabolism in a stratified lake}, volume={57}, ISSN={00243590}, DOI={10.4319/lo.2012.57.5.1317}, number={5}, journal={Limnol. Oceanogr.}, author={Staehr, Peter A. and Christensen, Jesper P. A. and Batt, Ryan D. and Read, Jordan S.}, year={2012}, month={Sep}, pages={1317–1330} }

@article{Odum_1956, 
  title={Primary Production in Flowing Waters}, volume={1}, ISSN={00243590}, DOI={10.4319/lo.1956.1.2.0102}, number={2}, journal={Limnol. Oceanogr.}, author={Odum, Howard T.}, year={1956}, month={Apr}, pages={102–117} }

@article{Sargent_Austin_1949, 
 title={Organic productivity of an Atoll}, volume={30}, ISSN={0002-8606}, DOI={10.1029/TR030i002p00245}, number={2}, journal={Trans., Am. Geophys. Union}, author={Sargent, Marston C. and Austin, Thomas S.}, year={1949}, pages={245} }

@book{Vollenweider_Talling_Westlake_1974, 
  place={Oxford [etc.]}, 
  edition={2nd ed}, 
  series={IBP handbook; no. 12}, 
  title={A manual on methods for measuring primary production in aquatic environments}, publisher={Blackwell Scientific}, author={Vollenweider, Richard A. and Talling, J. F. and Westlake, Derek Francis}, year={1974}, collection={IBP handbook ; no. 12} }

 @article{Fee_1973, 
 title={A Numerical Model for Determining Integral Primary Production and its Application to {L}ake {M}ichigan}, volume={30}, ISSN={0015-296X}, DOI={10.1139/f73-235}, number={10}, journal={J. Fish. Res. Board Can.}, author={Fee, Everett J.}, year={1973}, month={Oct}, pages={1447–1468} }

@article{lauster_gross_2006,
	title = {Gross primary production and respiration differences among littoral and pelagic habitats in northern {W}isconsin lakes},
	volume = {63},
	url = {https://doi.org/10.1139/f06-018},
	doi = {10.1139/f06-018},
	pages = {1130--1141},
	number = {5},
	journal = {Can. J. Fish. Aquat. Sci.},
	author = {Lauster, George H and Hanson, Paul C and Kratz, Timothy K},
	year = {2006},
}

 @article{Regaudie_2014, title={Comparing marine primary production estimates through different methods and development of conversion equations}, volume={1}, ISSN={2296-7745}, url={http://journal.frontiersin.org/article/10.3389/fmars.2014.00019/abstract}, DOI={10.3389/fmars.2014.00019}, journal={Frontiers in Marine Science}, author={Regaudie-de-Gioux, Aurore and Lasternas, SÃ©bastien and AgustÃ, Susana and Duarte, Carlos M.}, year={2014}, month={Jul} }

@article{quayetal2010,
author = {Quay, P. D. and Peacock, C. and Björkman, K. and Karl, D. M.},
title = {Measuring primary production rates in the ocean: Enigmatic results between incubation and non-incubation methods at Station ALOHA},
journal = {Global Biogeochem. Cycles},
volume = {24},
number = {3},
pages = {},
keywords = {ocean productivity},
doi = {https://doi.org/10.1029/2009GB003665},
url = {https://agupubs.onlinelibrary.wiley.com/doi/abs/10.1029/2009GB003665},
year = {2010}
}

@article{juranek_vitro_2005,
	title = {In vitro and in situ gross primary and net community production in the North Pacific Subtropical Gyre using labeled and natural abundance isotopes of dissolved {O$_{2}$}},
	volume = {19},
	issn = {08866236},
	url = {http://doi.wiley.com/10.1029/2004GB002384},
	doi = {10.1029/2004GB002384},
	shorttitle = {In vitro and in situ gross primary and net community production in the North Pacific Subtropical Gyre using labeled and natural abundance isotopes of dissolved O $_{\textrm{2}}$},
	number = {3},
	journal = {Global Biogeochem. Cycles},
	shortjournal = {Global Biogeochem. Cycles},
	author = {Juranek, L. W. and Quay, P. D.},
	urldate = {2021-01-12},
	date = {2005-09},
	year = {2005},
	langid = {english}
}

@misc{manuilova_mcr_2014,
	title = {mcr: {Method} {Comparison} {Regression}},
	note = {{h}ttps://CRAN.R-project.org/package=mcr},
	author = {Manuilova, Ekaterina and Schuetzenmeister, Andre and Model, Fabian},
	year = {2014},
}

@article{passing_new_1983,
	title = {A new biometrical procedure for testing the equality of measurements from two different analytical methods. {Application} of linear regression procedures for method comparison studies in clinical chemistry, {Part} {I}},
	author = {Passing, H and Bablok, W},
	year = {1983},
	journal = {J. Cin. Chem. Clin. Biochem.},
	volume = {21},
	pages = {709-720},
}

@article{solomon_ecosystem_2013,
	title = {Ecosystem respiration: {Drivers} of daily variability and background respiration in lakes around the globe},
	volume = {58},
	issn = {00243590},
	shorttitle = {Ecosystem respiration},
	url = {http://doi.wiley.com/10.4319/lo.2013.58.3.0849},
	doi = {10.4319/lo.2013.58.3.0849},
	language = {en},
	number = {3},
	urldate = {2021-01-08},
	journal = {Limnol. Oceanogr.},
	author = {Solomon, Christopher T. and Bruesewitz, Denise A. and Richardson, David C. and Rose, Kevin C. and Van de Bogert, Matthew C. and Hanson, Paul C. and Kratz, Timothy K. and Larget, Bret and Adrian, Rita and Babin, Brenda Leroux and Chiu, Chih-Yu and Hamilton, David P. and Gaiser, Evelyn E. and Hendricks, Susan and Istvànovics, Vera and Laas, Alo and O'Donnell, David M. and Pace, Michael L. and Ryder, Elizabeth and Staehr, Peter A. and Torgersen, Thomas and Vanni, Michael J. and Weathers, Kathleen C. and Zhu, Guangwei},
	month = may,
	year = {2013},
	pages = {849--866},
}

@article{pemberton_quantifying_2006,
	title = {Quantifying uncertainties associated with the measurement of primary production},
	volume = {322},
	issn = {0171-8630, 1616-1599},
	url = {http://www.int-res.com/abstracts/meps/v322/p51-59/},
	doi = {10.3354/meps322051},
	language = {en},
	urldate = {2021-01-08},
	journal = {Mar. Ecol.: Prog. Ser.},
	author = {Pemberton, Kl and Clarke, Kr and Joint, I},
	month = sep,
	year = {2006},
	pages = {51--59},
}

@article{macedo_annual_2001,
	title = {Annual Variation of Environmental Variables, Phytoplankton Species Composition and Photosynthetic Parameters in a Coastal Lagoon},
	volume = {23},
	issn = {14643774},
	url = {https://academic.oup.com/plankt/article-lookup/doi/10.1093/plankt/23.7.719},
	doi = {10.1093/plankt/23.7.719},
	number = {7},
	urldate = {2021-01-08},
	journal = {J. Plankton Res.},
	author = {Macedo, M. F.},
	month = jul,
	year = {2001},
	pages = {719--732},
}

@incollection{hall_measuring_2007,
	title = {Measuring freshwater primary production and respiration},
	isbn = {978-0-19-516866-2},
	booktitle = {Principals and {Standards} for {Mesuring} {Primary} {Production}},
	publisher = {Oxford University Press},
	author = {Hall, Robert and Thomas, Serge and Gaiser, Evelyn},
	editor = {Fahey, Timothy and Knapp, Alan},
	year = {2007},
	pages = {175--203},
}

@article{peterson_aquatic_1980,
	title = {Aquatic {Primary} {Productivity} and the {14C}-{CO2} {Method}: {A} {History} of the {Productivity} {Problem}},
	volume = {11},
	issn = {0066-4162},
	shorttitle = {Aquatic {Primary} {Productivity} and the {14C}-{CO2} {Method}},
	url = {http://www.annualreviews.org/doi/10.1146/annurev.es.11.110180.002043},
	doi = {10.1146/annurev.es.11.110180.002043},
	language = {en},
	number = {1},
	urldate = {2021-01-08},
	journal = {Annu. Rev. Ecol. Syst.},
	author = {Peterson, B J},
	month = nov,
	year = {1980},
	pages = {359--385},
}

@article{hanson_lake_2003,
	title = {Lake metabolism: {Relationships} with dissolved organic carbon and phosphorus},
	volume = {48},
	issn = {00243590},
	shorttitle = {Lake metabolism},
	url = {http://doi.wiley.com/10.4319/lo.2003.48.3.1112},
	doi = {10.4319/lo.2003.48.3.1112},
	language = {en},
	number = {3},
	urldate = {2021-01-07},
	journal = {Limnol. Oceanogr.},
	author = {Hanson, Paul C. and Bade, Darren L. and Carpenter, Stephen R. and Kratz, Timothy K.},
	month = may,
	year = {2003},
	pages = {1112--1119},
}

@article{wielgat-rychert_calculation_2017,
	title = {CALCULATION OF THE PHOTOSYNTHETIC QUOTIENT ({PQ}) IN THE {G}ULF OF {G}DAnSK (SOUTHERN {B}ALTIC)},
	volume = {21},
	url = {https://bcz.apsl.edu.pl/index.php/1/article/view/300},
	journal = {Baltic Coastal Zone},
	author = {Wielgat-Rychert, Magdalena and Rychert, Krzysztof and Witek, Zbigniew and Zalewski, Mariusz},
	year = {2017},
	pages = {51--60},
}

@incollection{bott_primary_1996,
	address = {San Diego, Calif},
	edition = {2nd ed},
	title = {Primary productivity and community respiration},
	booktitle = {Methods in stream ecology},
	publisher = {Academic Press},
	author = {Bott, Thomas},
	year = {1996},
	pages = {533--556},
}

@book{hauer_methods_2006,
	address = {San Diego, Calif},
	edition = {2nd ed},
	title = {Methods in stream ecology},
	isbn = {978-0-12-332908-0},
	publisher = {Academic Press/Elsevier},
	editor = {Hauer, F. Richard and Lamberti, Gary Anthony},
	year = {2006},
	keywords = {Methodology, Stream ecology},
}

@misc{betancourt_robust_2007,
	title = {Robust statistical workflow with {RStan}},
	note = {{h}ttps://betanalpha.github.io/assets/case{\_}studies/rstan{\_}workflow.html},
	author = {Betancourt, Michael},
	year = {2007},
}

@article{steele_environmental_1962,
	title = {Environmental control of photosynthesis in the sea},
	volume = {7},
	issn = {00243590},
	url = {http://doi.wiley.com/10.4319/lo.1962.7.2.0137},
	doi = {10.4319/lo.1962.7.2.0137},
	language = {en},
	number = {2},
	urldate = {2021-01-07},
	journal = {Limnol. Oceanogr.},
	author = {Steele, J. H.},
	month = apr,
	year = {1962},
	pages = {137--150},
}

@article{staehr_lake_2012,
	title = {Lake metabolism scales with lake morphometry and catchment conditions},
	volume = {74},
	issn = {1015-1621, 1420-9055},
	url = {http://link.springer.com/10.1007/s00027-011-0207-6},
	doi = {10.1007/s00027-011-0207-6},
	language = {en},
	number = {1},
	urldate = {2021-01-07},
	journal = {Aquat. Sci.},
	author = {Staehr, Peter A. and Baastrup-Spohr, Lars and Sand-Jensen, Kaj and Stedmon, Colin},
	month = jan,
	year = {2012},
	pages = {155--169},
}

@article{staehr_global_2016,
	title = {Global patterns of light saturation and photoinhibition of lake primary production},
	volume = {6},
	issn = {2044-2041, 2044-205X},
	url = {https://www.tandfonline.com/doi/full/10.1080/IW-6.4.888},
	doi = {10.1080/IW-6.4.888},
	language = {en},
	number = {4},
	urldate = {2021-01-07},
	journal = {Inland Waters},
	author = {Staehr, Peter A. and Brighenti, Ludmila S. and Honti, Mark and Christensen, Jesper and Rose, Kevin C.},
	month = jan,
	year = {2016},
	pages = {593--607},
}

@article{winslow_lakemetabolizer_2016,
	title = {{LakeMetabolizer}: an {R} package for estimating lake metabolism from free-water oxygen using diverse statistical models},
	volume = {6},
	issn = {2044-2041, 2044-205X},
	shorttitle = {{LakeMetabolizer}},
	url = {https://www.tandfonline.com/doi/full/10.1080/IW-6.4.883},
	doi = {10.1080/IW-6.4.883},
	language = {en},
	number = {4},
	urldate = {2021-01-07},
	journal = {Inland Waters},
	author = {Winslow, Luke A. and Zwart, Jacob A. and Batt, Ryan D. and Dugan, Hilary A. and Woolway, R. Iestyn and Corman, Jessica R. and Hanson, Paul C. and Read, Jordan S.},
	month = jan,
	year = {2016},
	pages = {622--636},
}

@article{vachon_ecosystem_2013,
	title = {The ecosystem size and shape dependence of gas transfer velocity versus wind speed relationships in lakes},
	volume = {70},
	issn = {0706-652X, 1205-7533},
	url = {http://www.nrcresearchpress.com/doi/10.1139/cjfas-2013-0241},
	doi = {10.1139/cjfas-2013-0241},
	language = {en},
	number = {12},
	urldate = {2021-01-07},
	journal = {Can. J. Fish. Aquat. Sci.},
	author = {Vachon, Dominic and Prairie, Yves T.},
	editor = {Smith, Ralph},
	month = dec,
	year = {2013},
	pages = {1757--1764},
}

@article{read_derivation_2011,
	title = {Derivation of lake mixing and stratification indices from high-resolution lake buoy data},
	volume = {26},
	issn = {13648152},
	url = {https://linkinghub.elsevier.com/retrieve/pii/S136481521100123X},
	doi = {10.1016/j.envsoft.2011.05.006},
	language = {en},
	number = {11},
	urldate = {2021-01-07},
	journal = {Environmental Modelling \& Software},
	author = {Read, Jordan S. and Hamilton, David P. and Jones, Ian D. and Muraoka, Kohji and Winslow, Luke A. and Kroiss, Ryan and Wu, Chin H. and Gaiser, Evelyn},
	month = nov,
	year = {2011},
	pages = {1325--1336},
}

@misc{winslow_rlakeanalyzer_2019,
	title = {{rLakeAnalyzer}: {Lake} {Physics} {Tools}},
	note = {{h}ttps://CRAN.R-project.org/package=rLakeAnalyzer},
	author = {Winslow, Luke and Read, Jordan and Woolway, Richard and Brentrup, Jennifer and Leach, Taylor and Zwart, Jake and Albers, Sam and Collinge, Doug},
	year = {2019},
}

@article{adams_primary_1993,
	title = {Primary productivity of three {Wisconsin} {LTER} lakes, 1985–1990},
	volume = {25},
	issn = {0368-0770},
	url = {https://www.tandfonline.com/doi/full/10.1080/03680770.1992.11900149},
	doi = {10.1080/03680770.1992.11900149},
	language = {en},
	number = {1},
	urldate = {2021-01-06},
	journal = {SIL Proceedings, 1922-2010},
	author = {Adams, Michael S. and Meinke, Timothy W. and Kratz, Timothy K.},
	month = sep,
	year = {1993},
	pages = {406--410},
}

@book{magnuson_long-term_2006,
	address = {Oxford ; New York},
	series = {Long-{Term} {Ecological} {Research} {Network} series},
	title = {Long-term dynamics of lakes in the landscape: long-term ecological research on {North} {Temperate} {Lakes}},
	isbn = {978-0-19-513690-6},
	shorttitle = {Long-term dynamics of lakes in the landscape},
	publisher = {Oxford University Press},
	editor = {Magnuson, John J. and Kratz, Timothy K. and Benson, Barbara J.},
	year = {2006},
	keywords = {Lake ecology, Landscape ecology, Research},
}

@article{vanni_dissolved_2001,
	title = {Dissolved and particulate nutrient flux from three adjacent agricultural watersheds: {A} five-year study},
	volume = {54},
	issn = {01682563},
	url = {http://link.springer.com/10.1023/A:1010681229460},
	doi = {10.1023/A:1010681229460},
	number = {1},
	urldate = {2021-01-06},
	journal = {Biogeochemistry},
	author = {Vanni, Michael J. and Renwick, William H. and Headworth, Jenifer L. and Auch, Jeffery D. and Schaus, Maynard H.},
	year = {2001},
	pages = {85--114},
}

@article{homer_development_2004,
	title = {Development of a 2001 {National} {Land}-{Cover} {Database} for the {United} {States}},
	volume = {70},
	issn = {00991112},
	url = {http://openurl.ingenta.com/content/xref?genre=article&issn=0099-1112&volume=70&issue=7&spage=829},
	doi = {10.14358/PERS.70.7.829},
	language = {en},
	number = {7},
	urldate = {2021-01-06},
	journal = {Photogramm. Eng. Remote Sens.},
	author = {Homer, Collin and Huang, Chengquan and Yang, Limin and Wylie, Bruce and Coan, Michael},
	month = jul,
	year = {2004},
	pages = {829--840},
}

@article{staehr_lake_2010,
	title = {Lake metabolism and the diel oxygen technique: {State} of the science},
	volume = {8},
	issn = {15415856},
	shorttitle = {Lake metabolism and the diel oxygen technique},
	url = {http://doi.wiley.com/10.4319/lom.2010.8.0628},
	doi = {10.4319/lom.2010.8.0628},
	language = {en},
	number = {11},
	urldate = {2021-01-05},
	journal = {Limnol. Oceanogr.: Methods},
	author = {Staehr, Peter A. and Bade, Darren and Van de Bogert, Matthew C. and Koch, Gregory R. and Williamson, Craig and Hanson, Paul and Cole, Jonathan J. and Kratz, Tim},
	month = nov,
	year = {2010},
	pages = {628--644},
}

@article{phillips_timevarying_2020,
	title = {Time‐varying responses of lake metabolism to light and temperature},
	volume = {65},
	issn = {0024-3590, 1939-5590},
	url = {https://onlinelibrary.wiley.com/doi/abs/10.1002/lno.11333},
	doi = {10.1002/lno.11333},
	language = {en},
	number = {3},
	urldate = {2021-01-05},
	journal = {Limnol. Oceanogr.},
	author = {Phillips, Joseph S.},
	month = mar,
	year = {2020},
	pages = {652--666},
}

@article{peeters_calculation_2019,
	title = {On the calculation of lake metabolic rates: {Diel} {O2} and 18/{16O} technique},
	volume = {165},
	issn = {00431354},
	shorttitle = {On the calculation of lake metabolic rates},
	url = {https://linkinghub.elsevier.com/retrieve/pii/S004313541930764X},
	doi = {10.1016/j.watres.2019.114990},
	language = {en},
	urldate = {2021-01-05},
	journal = {Water Research},
	author = {Peeters, Frank and Hofmann, Hilmar and Fernández, Jorge Encinas},
	month = nov,
	year = {2019},
	pages = {114990},
}

@article{honti_robust_2016,
	title = {Robust estimation of lake metabolism by coupling high frequency dissolved oxygen and chlorophyll fluorescence data in a {Bayesian} framework},
	volume = {6},
	issn = {2044-2041, 2044-205X},
	url = {https://www.tandfonline.com/doi/full/10.1080/IW-6.4.877},
	doi = {10.1080/IW-6.4.877},
	language = {en},
	number = {4},
	urldate = {2021-01-05},
	journal = {Inland Waters},
	author = {Honti, Mark and Istvánovics, Vera and Staehr, Peter A. and Brighenti, Ludmila S. and Zhu, Mengyuan and Zhu, Guangwei},
	month = jan,
	year = {2016},
	pages = {608--621},
}

@article{mcnair_new_2013,
	title = {New methods for estimating components of lake metabolism based on free-water dissolved-oxygen dynamics},
	volume = {263},
	issn = {03043800},
	url = {https://linkinghub.elsevier.com/retrieve/pii/S030438001300272X},
	doi = {10.1016/j.ecolmodel.2013.05.010},
	language = {en},
	urldate = {2021-01-05},
	journal = {Ecol. Modell.},
	author = {McNair, James N. and Gereaux, Leon C. and Weinke, Anthony D. and Sesselmann, Meagan R. and Kendall, Scott T. and Biddanda, Bopaiah A.},
	month = aug,
	year = {2013},
	pages = {251--263},
}

@article{dugan_consequences_2016,
	title = {Consequences of gas flux model choice on the interpretation of metabolic balance across 15 lakes},
	volume = {6},
	issn = {2044-2041, 2044-205X},
	url = {https://www.tandfonline.com/doi/full/10.1080/IW-6.4.836},
	doi = {10.1080/IW-6.4.836},
	language = {en},
	number = {4},
	urldate = {2021-01-05},
	journal = {Inland Waters},
	author = {Dugan, Hilary A. and Woolway, R. Iestyn and Santoso, Arianto B. and Corman, Jessica R. and Jaimes, Aline and Nodine, Emily R. and Patil, Vijay P. and Zwart, Jacob A. and Brentrup, Jennifer A. and Hetherington, Amy L. and Oliver, Samantha K. and Read, Jordan S. and Winters, Kirsten M. and Hanson, Paul C. and Read, Emily K. and Winslow, Luke A. and Weathers, Kathleen C.},
	month = jan,
	year = {2016},
	pages = {581--592},
}

@article{peeters_lake_2016,
	title = {Lake {Metabolism}: {Comparison} of {Lake} {Metabolic} {Rates} {Estimated} from a {Diel} {CO2}- and the {Common} {Diel} {O2}-{Technique}},
	volume = {11},
	issn = {1932-6203},
	shorttitle = {Lake {Metabolism}},
	url = {https://dx.plos.org/10.1371/journal.pone.0168393},
	doi = {10.1371/journal.pone.0168393},
	language = {en},
	number = {12},
	urldate = {2021-01-05},
	journal = {PLoS One},
	author = {Peeters, Frank and Atamanchuk, Dariia and Tengberg, Anders and Encinas-Fernández, Jorge and Hofmann, Hilmar},
	editor = {Vopel, Kay C.},
	month = dec,
	year = {2016},
	pages = {e0168393},
}